<?xml version="1.0" encoding="UTF-8"?><collection xmlns="http://www.loc.gov/MARC21/slim"><record><leader>00362nam--2200121-i-4500</leader><controlfield tag="001">000009860</controlfield><controlfield tag="002">20161230</controlfield><controlfield tag="005">20161230201028</controlfield><controlfield tag="008">060222s1000------------r-----000-0-eng-d</controlfield><datafield ind1=" " ind2=" " tag="100"><subfield code="a">Cornelius, P. Et Van E#ldik, P.F</subfield></datafield><datafield ind1=" " ind2=" " tag="245"><subfield code="a">Transformateurs, bobines d inductance, trans ducteurs et transformateurs a dispersion</subfield></datafield><datafield ind1=" " ind2=" " tag="260"><subfield code="a">Paris, 1963 Viii + 87 P</subfield></datafield><datafield ind1=" " ind2=" " tag="852"><subfield code="a">35745</subfield></datafield></record></collection>